@Misc{patents,
 author = {Diversos},
 title = {Google\texttrademark Patents},
 howpublished = {http://patents.google.com} 
}
@Misc{arduino,
 author = {Diversos},
 title = {Homepage do Arduino},
 howpublished = {http://www.arduino.cc} 
}
@Misc{reed,
 author = {MEDER Eletronic},
 title = {The Basic Reed Switch},
 howpublished = {http://www.biltek.tubitak.gov.tr/gelisim /elektronik/dosyalar/31/reed.pdf}
}
@Misc{python,
 author = {Python community},
 title = {Python Programming Language},
 howpublished = {http://www.python.org}
}
@Misc{uspto,
  author = {USPTO},
  title = {United States Patent and Trademark Office},
  howpublished = {http://www.uspto.gov}
}
@Misc{epo,
  author = {European Patent Organisation},
  title = {European Patent Office},
  howpublished = {http://www.epo.org}
}
@Misc{servo,
  author = {John Palmisano},
  title = {Society of Robots},
  howpublished = {http://www.societyofrobots.com}
}
@techreport{lcd,
  author = {Desconhecido},
  title = {JHD162a Datasheet},
  institution = {http://www.egochina.net.cn/eBay/Download/JHD162A.pdf}
}
